,reportedCurrency,grossProfit,totalRevenue,costOfRevenue,costofGoodsAndServicesSold,operatingIncome,sellingGeneralAndAdministrative,researchAndDevelopment,operatingExpenses,investmentIncomeNet,netInterestIncome,interestIncome,interestExpense,nonInterestIncome,otherNonOperatingIncome,depreciation,depreciationAndAmortization,incomeBeforeTax,incomeTaxExpense,interestAndDebtExpense,netIncomeFromContinuingOperations,comprehensiveIncomeNetOfTax,ebit,ebitda,netIncome,Quarter
0,USD,110157000,268659000,158502000,158502000,-627122000,21601000,None,81073000,None,-30823000,61709000,38552000,None,None,None,55873000,-688879000,-144744000,None,-544135000,None,6028000,61901000,-544181000,2023Q3
1,USD,78754000,223316000,144562000,144562000,630000,20217000,None,78108000,None,-28955000,4992000,33947000,None,-1194000,None,53122000,-34511000,-15370000,None,-19141000,None,-449000,52673000,-19143000,2023Q2
2,USD,81944000,196289000,114345000,114345000,14942000,23553000,None,71732000,None,-34045000,38847000,38137000,None,-710000,None,51908000,-23905000,-1278000,None,-22627000,None,9603000,61511000,-22745000,2023Q1
3,USD,188541000,482005000,293464000,293464000,136234000,20898000,None,77976000,None,-28383000,62460000,30928000,None,None,None,52777000,72042000,18678000,None,53364000,None,79033000,131810000,52751000,2022Q4
4,USD,227687000,639549000,411862000,411862000,157197000,19471000,None,70490000,None,-23378000,15670000,24373000,None,8703000,None,49929000,141527000,33858000,None,107669000,None,165986000,215915000,108096000,2022Q3
5,USD,126766000,276708000,149942000,149942000,63048000,15512000,None,67736000,None,-27898000,254000,28152000,None,-6201000,None,49066000,28695000,7263000,None,21432000,None,53192000,102258000,21564000,2022Q2
6,USD,90623000,210226000,119603000,119603000,12656000,25891000,None,77958000,None,-27414000,24000,27438000,None,17654000,None,48633000,2872000,701000,None,2171000,None,30601000,79234000,2122000,2022Q1
7,USD,280833000,805676000,524843000,524843000,202154000,20857000,None,71284000,None,-32808000,23000,32831000,None,-26115000,None,49705000,143208000,31859000,None,111349000,None,183905000,233610000,113800000,2021Q4
8,USD,86787000,219188000,132401000,132401000,49135000,19033000,None,76793000,None,-31544000,12000,31556000,None,-9413000,None,56222000,8166000,6049000,None,2117000,None,2235000,58457000,4053000,2021Q3
9,USD,86659000,212457000,125798000,125798000,25659000,20334000,None,69265000,None,-31408000,23541000,31439000,None,7847000,None,49750000,2067000,-1550000,None,3617000,None,25330000,75080000,4841000,2021Q2
10,USD,45728000,190580000,144852000,144852000,-35076000,21766000,None,80804000,None,-34169000,41000,34210000,None,-20078000,None,49327000,-89364000,-21205000,None,-68159000,None,-19239000,30088000,-66594000,2021Q1
11,USD,99620000,213701000,114081000,114081000,32079000,24647000,None,81251000,None,-33080000,460000,33540000,None,1921000,None,56472000,460000,8450000,None,-7990000,None,20293000,76765000,-6646000,2020Q4
12,USD,61822000,154440000,92618000,92618000,-14009000,23441000,None,75939000,None,-31514000,235324000,31872000,None,254030000,None,52398000,208149000,44147000,None,164002000,None,253079000,305477000,139710000,2020Q3
13,USD,61053000,156173000,95120000,95120000,-402000,22233000,None,69455000,None,-31993000,404000,32397000,None,-8148000,None,46945000,-40947000,-6844000,None,-34103000,None,-16532000,30413000,-34084000,2020Q2
14,USD,-20512000,175175000,195687000,195687000,-137229000,39081000,None,106103000,None,-33302000,1146000,34448000,None,12495000,None,61594000,-159182000,-34100000,None,-125082000,None,-114077000,-52483000,-125134000,2020Q1
15,USD,126602000,284161000,157559000,157559000,16529000,68328000,None,108384000,None,-26915000,2101000,29016000,None,11883000,None,40656000,4037000,5038000,None,-1001000,None,30101000,70757000,-1100000,2019Q4
16,USD,93606000,231172000,137566000,137566000,46639000,32519000,None,71168000,None,-25957000,2872000,28829000,None,7414000,None,40294000,38761000,8718000,None,30043000,None,29852000,70146000,29758000,2019Q3
17,USD,92159000,431316000,339157000,339157000,33399000,30072000,None,58616000,None,-21952000,2251000,24203000,None,8605000,None,37967000,17801000,4473000,None,13328000,None,43099000,81066000,13477000,2019Q2
18,USD,115037000,353890000,238853000,238853000,53743000,25332000,None,61288000,None,-20753000,10802000,23326000,None,12524000,None,36269000,42941000,11016000,None,31925000,None,66273000,102542000,31821000,2019Q1
19,USD,140404000,464693000,324289000,324289000,70254000,32830000,0,70150000,None,None,None,24846000,None,2380000,None,38167000,47788000,9864000,None,37924000,None,72638000,110805000,37261000,2018Q4
20,USD,100072000,257160000,157088000,157088000,42312000,20645000,0,57760000,None,None,None,21670000,None,10692000,None,32175000,31334000,7487000,None,23847000,None,53004000,85179000,23365000,2018Q3
21,USD,48771000,181005000,132234000,132234000,-8295000,26886000,0,57066000,None,None,None,18903000,None,18902000,None,29087000,-8296000,-2417000,None,-5879000,None,10607000,39694000,-5088000,2018Q2
22,USD,55767000,161679000,105912000,105912000,2539000,24264000,0,53228000,None,None,None,16609000,None,16462000,None,28188000,2392000,558000,None,1834000,None,19001000,47189000,1474000,2018Q1
23,USD,104530000,300983000,196453000,196453000,62443000,26459000,0,61002000,None,None,None,15021000,None,4417000,None,35803000,69681000,-77647000,None,147328000,None,44333000,80136000,149121000,2017Q4
24,USD,83004000,258736000,175732000,175732000,24372000,22362000,0,58869000,None,None,None,17241000,None,9231000,None,35619000,16362000,5846000,None,10516000,None,33646000,69265000,10504000,2017Q3
25,USD,112369000,308639000,196270000,196270000,54133000,22944000,0,58236000,None,None,None,14448000,None,-20262000,None,34462000,19423000,16303000,None,3120000,None,65060000,99522000,3120000,2017Q2
26,USD,88828000,231762000,142934000,142934000,77554000,18117000,0,43489000,None,None,None,17858000,None,-49830000,None,25041000,15356000,-9697000,None,5659000,None,54964000,80005000,5659000,2017Q1
27,USD,108513000,278546000,170033000,170033000,59372000,25083000,0,49141000,None,None,None,17096000,None,17680000,None,24618000,59956000,16361000,None,43595000,None,80949000,105567000,43595000,2016Q4
28,USD,82406000,240806000,158400000,158400000,784000,21128000,0,45958000,None,None,None,16102000,None,6389000,None,22699000,18158000,10162000,None,7996000,None,50760000,73459000,7973000,2016Q3
29,USD,109222000,272151000,162929000,162929000,73636000,20053000,0,35586000,None,None,None,16533000,None,-23440000,None,24428000,33663000,26693000,None,6970000,None,94870000,119298000,6970000,2016Q2
30,USD,98469000,239666000,141197000,141197000,192970000,20324000,0,45978000,None,None,None,15993000,None,32021000,None,22786000,208998000,65233000,None,143765000,None,54878000,77664000,143765000,2016Q1
31,USD,92184000,229393000,137209000,137209000,40191000,24250000,0,51993000,None,None,None,16601000,None,1497000,None,27420000,25087000,-794000,None,25881000,None,40818000,68238000,25881000,2015Q4
32,USD,81734000,203442000,121708000,121708000,36544000,18526000,0,45190000,None,None,None,15212000,None,153117000,None,25205000,174449000,18237000,None,156212000,None,36948000,62153000,156224000,2015Q3
33,USD,71114000,209163000,138049000,138049000,25572000,19606000,0,45542000,None,None,None,14685000,None,43972000,None,25120000,54859000,4274000,None,50585000,None,26924000,52044000,50573000,2015Q2
34,USD,56275000,155090000,98815000,98815000,16457000,18963000,0,39818000,None,None,None,13246000,None,-106886000,None,21931000,-103675000,2284000,None,-105959000,None,18381000,40312000,-105959000,2015Q1
35,USD,81641000,207053000,125412000,125412000,37144000,24431000,0,44497000,None,None,None,10270000,None,123836000,None,21164000,44994000,13065000,None,31929000,None,-23336000,-2172000,31930000,2014Q4
36,USD,40337000,119228000,78891000,78891000,23850000,14759000,0,16487000,None,None,None,13298000,None,29037000,None,13191000,46205000,590000,None,45615000,None,34813000,48004000,45615000,2014Q3
37,USD,115171000,209631000,94460000,94460000,91781000,17497000,0,23390000,None,None,None,8897000,None,-42158000,None,11601000,29799000,44532000,None,-14733000,None,106066000,117667000,-14760000,2014Q2
38,USD,31033000,98653000,67620000,67620000,13947000,16882000,0,17086000,None,None,None,7321000,None,-88184000,None,10670000,-81558000,4773000,None,-86331000,None,22203000,32873000,-86316000,2014Q1
39,USD,50396000,133953000,83557000,83557000,43430000,14156000,0,6966000,None,None,None,9615000,None,-3299000,None,10577000,7096000,-11442000,None,18538000,None,50050000,60627000,18553000,2013Q4
40,USD,29142000,103514000,74372000,74372000,10700000,11914000,0,18442000,None,None,None,1000,None,2061000,None,10065000,12605000,5172000,None,7433000,None,17085000,27150000,7335000,2013Q3
41,USD,61616000,147052000,85436000,85436000,47790000,6769000,0,13826000,None,None,None,8333000,None,2067000,None,6780000,-63135000,13361000,None,-76496000,None,48065000,54845000,-76554000,2013Q2
42,USD,27338000,90091000,62753000,62753000,9294000,11171000,0,18044000,None,None,None,143000,None,2356000,None,6704000,-20691000,2479000,None,-23170000,None,12479000,19183000,-23124000,2013Q1
43,USD,43121000,108369000,65248000,65248000,26941000,8527000,0,16180000,None,None,None,318000,None,-289000,None,7073000,-1635000,-816000,None,-920000,None,12753000,19826000,-927000,2012Q4
44,USD,33705000,94815000,61110000,61110000,17362000,9339000,0,16343000,None,None,None,445000,None,2375000,None,6590000,-47574000,2618000,None,-49411000,None,19911000,26501000,-49411000,2012Q3
45,USD,33274000,93939000,60665000,60665000,19057000,8160000,0,14217000,None,None,None,200000,None,2342000,None,5848000,36293000,1301000,None,34310000,None,21444000,27292000,34310000,2012Q2
46,USD,23984000,79765000,55781000,55781000,9104000,9822000,0,14880000,None,None,None,1000,None,5009000,None,5014000,-107738000,3784000,None,-111522000,None,11480000,16494000,-112258000,2012Q1
47,USD,27770000,84878000,57108000,57108000,13569000,11601000,0,14201000,None,None,None,0,None,None,None,4692000,17961000,-13981000,None,0,None,16348000,21040000,31429000,2011Q4
48,USD,19691000,86890000,67199000,67199000,2218000,9990000,0,17473000,None,None,None,0,None,-8964000,None,5958000,157264000,-7760000,None,165024000,None,5809000,11767000,164295000,2011Q3
49,USD,17537000,50823000,33286000,33286000,5689000,8359000,0,11848000,None,None,None,0,None,2244000,None,3197000,64843000,958000,None,63885000,None,7933000,11130000,65973000,2011Q2
50,USD,14432000,53101000,38669000,38669000,5990000,5232000,0,8442000,None,None,None,534000,None,None,None,3232000,-117543000,2457000,None,0,None,8502000,11734000,-114515000,2011Q1
51,USD,-60509000,50838000,111347000,111347000,-503295000,20783000,0,442786000,None,None,None,534000,None,None,None,4028000,-644478000,-651062000,None,0,None,-643944000,-639916000,-4630000,2010Q4
52,USD,32460000,32460000,24758000,24758000,-618000,4211000,0,33078000,None,None,None,681000,None,None,None,4009000,-1240000,-350000,None,0,None,-459000,3550000,-16230000,2010Q3
53,USD,4630000,30629000,25999000,25999000,-4670000,4861000,0,9092000,None,None,None,541000,None,None,None,4025000,-5211000,16467000,None,0,None,-4462000,-437000,-28042000,2010Q2
54,USD,5679000,28790000,23111000,23111000,-3285000,4135000,0,8686000,None,None,None,712000,None,None,None,4501000,-3892000,1486000,None,0,None,-2902000,1599000,-20529000,2010Q1
55,USD,-72303000,30968000,103271000,103271000,-502200000,0,0,429897000,None,None,None,209000,None,None,None,4620000,-501207000,841000,None,0,None,-500998000,-496378000,-535852000,2009Q4
56,USD,30260000,30260000,68253000,68253000,-42427000,0,0,72687000,None,None,None,186000,None,None,None,4434000,-42458000,-21897000,None,0,None,-42272000,-37838000,-24414000,2009Q3
57,USD,0,46152000,96940000,96940000,0,0,0,0,None,None,None,144000,None,None,None,None,0,4543000,None,0,None,0,None,0,2009Q2
58,USD,0,28968000,115441000,115441000,0,0,0,0,None,None,None,438000,None,None,None,None,0,0,None,0,None,0,None,0,2009Q1
59,USD,0,62725000,193903000,193903000,0,0,0,0,None,None,None,809000,None,None,None,None,0,2703000,None,0,None,0,None,8390000,2008Q4
60,USD,0,31919000,0,0,0,0,0,0,None,None,None,0,None,None,None,None,0,0,None,0,None,0,None,-8264000,2008Q3
61,USD,0,39580000,0,0,0,0,0,0,None,None,None,0,None,None,None,None,0,0,None,0,None,0,None,8264000,2008Q2
62,USD,0,38283000,0,0,0,0,0,0,None,None,None,0,None,None,None,None,0,0,None,0,None,0,None,8604000,2008Q1
